<?xml version="1.0" encoding="UTF-8"?><collection xmlns="http://www.loc.gov/MARC21/slim"><record><leader>00418nam--2200133-i-4500</leader><controlfield tag="001">000031107</controlfield><controlfield tag="002">20161230</controlfield><controlfield tag="005">20161230201038</controlfield><controlfield tag="008">060222s1000------------r-----000-0-eng-d</controlfield><datafield ind1=" " ind2=" " tag="100"><subfield code="a">Linder, A</subfield></datafield><datafield ind1=" " ind2=" " tag="245"><subfield code="a">Planen und auswerten von versuchen. eine einfuhrung fur naturwissenschafter, mediziner und ingenieure</subfield></datafield><datafield ind1=" " ind2=" " tag="260"><subfield code="a">Basel, Birkhauser Verlag, 1959. 182p</subfield></datafield><datafield ind1=" " ind2=" " tag="490"><subfield code="a">Reihe Der Experimentelle Biologie</subfield></datafield><datafield ind1=" " ind2=" " tag="852"><subfield code="a">18498</subfield></datafield></record></collection>